@article{Dahlman2014,
author = {Dahlman, Eirk},
journal = {{IEEE} Communications Magazine},
number = {December},
pages = {42--47},
title = {5{G} Wireless Acces: Requirements and Realization},
year = {2014}
}

@article{Candes2006,
author = {Candes, Emmanuel J and Romberg, Justin and Tao, Terence},
file = {:home/tk12098/.local/share/data/Mendeley Ltd./Mendeley Desktop/Downloaded/Cand\`{e}s, Romberg, Tao - 2006 - Robust Uncertainty Principles Exact Signal Frequency Information.pdf:pdf},
number = {2},
pages = {489--509},
title = {{Robust Uncertainty Principles : Exact Signal Frequency Information}},
volume = {52},
year = {2006}
}

@ARTICLE{unser,
AUTHOR="Unser, M.",
TITLE="Sampling---50 {Y}ears After {S}hannon",
JOURNAL="Proceedings of the {IEEE}",
YEAR="2000",
volume="88",
number="4",
pages="569--587",
month="April",
note=""}

@article{candes2006stable,
  title={Stable signal recovery from incomplete and inaccurate measurements},
  author={Candes, Emmanuel J and Romberg, Justin K and Tao, Terence},
  journal={Communications on pure and applied mathematics},
  volume={59},
  number={8},
  pages={1207--1223},
  year={2006},
  publisher={Wiley Online Library}
}


@article{stevenson2009ieee,
  title={{IEEE} 802.22: The first cognitive radio wireless regional area network standard},
  author={Stevenson, Carl R and Chouinard, Gerald and Lei, Zhongding and Hu, Wendong and Shellhammer, Stephen J and Caldwell, Winston},
  journal={IEEE Communications Magazine},
  volume={47},
  number={1},
  pages={130--138},
  year={2009},
  publisher={IEEE Press}
}

@article{Boyd2010a,
author = {Boyd, Stephen},
doi = {10.1561/2200000016},
file = {:home/tk12098/Documents/Papers/admm\_distr\_stats.pdf:pdf},
issn = {1935-8237},
journal = {Foundations and Trends® in Machine Learning},
number = {1},
pages = {1--122},
title = {{Distributed Optimization and Statistical Learning via the Alternating Direction Method of Multipliers}}},
volume = {3},
year = {2010}
}

@inproceedings{Zhang2011b,
abstract = {A novel distributed compressed wideband sensing scheme for Cognitive Radio Sensor Networks (CRSN) is proposed in this paper. Taking advantage of the distributive nature of CRSN, the proposed scheme deploys only one single narrowband sampler with ultra-low sampling rate at each nodes to accomplish the wideband spectrum sensing. First, the practical structure of the compressed sampler at each node is described in detail. Second, we show how the Fusion Center (FC) exploits the sampled signals with their spectrum randomly-aliased to detect the global wideband spectrum activity. Finally, the proposed scheme is validated through extensive simulations, which shows that it is particularly suitable for CRSN.},
archivePrefix = {arXiv},
arxivId = {arXiv:1402.5503v1},
author = {Zhang, Huazi and Zhang, Zhaoyang and Chau, Yuen},
booktitle = {2011 IEEE Conference on Computer Communications Workshops, INFOCOM WKSHPS 2011},
doi = {10.1109/INFCOMW.2011.5928796},
eprint = {arXiv:1402.5503v1},
isbn = {9781457702488},
pages = {13--17},
title = {{Distributed compressed wideband sensing in Cognitive Radio Sensor Networks}},
year = {2011}
}

@article{mota2013d,
  title={D-ADMM: A communication-efficient distributed algorithm for separable optimization},
  author={Mota, Jo{\~a}o FC and Xavier, Jo{\~a}o MF and Aguiar, Pedro MQ and Puschel, Markus},
  journal={Signal Processing, IEEE Transactions on},
  volume={61},
  number={10},
  pages={2718--2723},
  publisher={IEEE}
}

@article{tropp2010beyond,
  title={Beyond Nyquist: Efficient sampling of sparse bandlimited signals},
  author={Tropp, Joel A and Laska, Jason N and Duarte, Marco F and Romberg, Justin K and Baraniuk, Richard G},
  journal={Information Theory, IEEE Transactions on},
  volume={56},
  number={1},
  pages={520--544},
  year={2010},
  publisher={IEEE}
}

@article{mishali2010theory,
  title={From theory to practice: Sub-Nyquist sampling of sparse wideband analog signals},
  author={Mishali, Moshe and Eldar, Yonina C},
  journal={Selected Topics in Signal Processing, IEEE Journal of},
  volume={4},
  number={2},
  pages={375--391},
  year={2010},
  publisher={IEEE}
}

@incollection{eaton2007wishart,
  title={The Wishart distribution},
  author={Eaton, Morris L and others},
  booktitle={Multivariate Statistics},
  pages={302--333},
  year={2007},
  publisher={Institute of Mathematical Statistics}
}

@article{candes2008introduction,
  title={An introduction to compressive sampling},
  author={Cand{\`e}, Emmanuel J and Wakin, Michael B},
  journal={Signal Processing Magazine, IEEE},
  volume={25},
  number={2},
  pages={21--30},
  year={2008},
  publisher={IEEE}
}


@article{bazerque2008,
  title={Distributed spectrum sensing for cognitive radios by exploiting sparsity},
  author={Bazerque, J.A Giannakis, G B},
  journal={Proc. of 42nd Asilomar Conf. on Signals, Systems, and Computers},
  year={2008},
  publisher={IEEE}
}

@article{tibshirani1996regression,
  title={Regression shrinkage and selection via the lasso},
  author={Tibshirani, Robert},
  journal={Journal of the Royal Statistical Society. Series B (Methodological)},
  pages={267--288},
  year={1996},
  publisher={JSTOR}
}

@article{akan2009cognitive,
  title={Cognitive radio sensor networks},
  author={Akan, Ozgur B and Karli, O and Ergul, Ozgur},
  journal={Network, IEEE},
  volume={23},
  number={4},
  pages={34--40},
  year={2009},
  publisher={IEEE}
}

@article{nesterov2005smooth,
  title={Smooth minimization of non-smooth functions},
  author={Nesterov, Yu},
  journal={Mathematical programming},
  volume={103},
  number={1},
  pages={127--152},
  year={2005},
  publisher={Springer}
}

@article{goldstein2014fast,
  title={Fast alternating direction optimization methods},
  author={Goldstein, Tom and O'Donoghue, Brendan and Setzer, Simon and Baraniuk, Richard},
  journal={SIAM Journal on Imaging Sciences},
  volume={7},
  number={3},
  pages={1588--1623},
  year={2014},
  publisher={SIAM}
}

@article{donoho2006compressed,
  title={Compressed sensing},
  author={Donoho, David L},
  journal={Information Theory, IEEE Transactions on},
  volume={52},
  number={4},
  pages={1289--1306},
  year={2006},
  publisher={IEEE}
}

@article{donoho2004neighborly,
  title={Neighborly polytopes and sparse solution of underdetermined linear equations},
  author={Donoho, David L},
  year={2004},
  publisher={Citeseer}
}

@article{donoho2006most,
  title={For most large underdetermined systems of linear equations the minimalsolution is also the sparsest solution},
  author={Donoho, David L},
  journal={Communications on pure and applied mathematics},
  volume={59},
  number={6},
  pages={797--829},
  year={2006},
  publisher={Wiley Online Library}
}

@inproceedings{davenport2007smashed,
  title={The smashed filter for compressive classification and target recognition},
  author={Davenport, Mark A and Duarte, Marco F and Wakin, Michael B and Laska, Jason N and Takhar, Dharmpal and Kelly, Kevin F and Baraniuk, Richard G},
  booktitle={Electronic Imaging 2007},
  pages={64980H--64980H},
  year={2007},
  organization={International Society for Optics and Photonics}
}

@inproceedings{braun2009signal,
  title={Signal detection for cognitive radios with smashed filtering},
  author={Braun, Martin and Elsner, Jens P and Jondral, Friedrich K},
  booktitle={Vehicular Technology Conference, 2009. VTC Spring 2009. IEEE 69th},
  pages={1--5},
  year={2009},
  organization={IEEE}
}

@article{davenport2010signal,
  title={Signal processing with compressive measurements},
  author={Davenport, Mark and Boufounos, Petros T and Wakin, Michael B and Baraniuk, Richard G and others},
  journal={Selected Topics in Signal Processing, IEEE Journal of},
  volume={4},
  number={2},
  pages={445--460},
  year={2010},
  publisher={IEEE}
}

@article{,
  title={Low-dimensional models for dimensionality reduction and signal recovery: A geometric perspective},
  author={Baraniuk, Richard G and Cevher, Volkan and Wakin, Michael B},
  journal={Proceedings of the IEEE},
  volume={98},
  number={6},
  pages={959--971},
  year={2010},
  publisher={IEEE}
}

@online{davenportSubgaussian,
  author = {Mark Davenport},
  title = { Matrices that satisfy the RIP },
  year = 2010,
  url = {https://cnx.org/contents/f70b6ba0-b9f0-460f-8828-e8fc6179e65f@5.12:10/Matrices-that-satisfy-the-RIP}
}

@article{baraniuk2008simple,
  title={A simple proof of the restricted isometry property for random matrices},
  author={Baraniuk, Richard and Davenport, Mark and DeVore, Ronald and Wakin, Michael},
  journal={Constructive Approximation},
  volume={28},
  number={3},
  pages={253--263},
  year={2008},
  publisher={Springer}
}

@ARTICLE{Devore09instanceoptimalityin,
    author = {Ronald Devore and Guergana Petrova and Przemyslaw Wojtaszczyk},
    title = {Instance-optimality in probability with an ell-minimization decoder},
    journal = {Appl. Comput. Harmon. Anal},
    year = {2009},
    pages = {275--288}
}

@misc{levequeMatrices,
  author        = {LÉVÊQUE Olivier},
  title         = {Random Matrices and Communication Systems},
  year          = {2011-2012 - Spring Semester},
  publisher={http://ipg.epfl.ch/~leveque/Matrix/}
}

@article{dasgupta2003elementary,
  title={An elementary proof of a theorem of Johnson and Lindenstrauss},
  author={Dasgupta, Sanjoy and Gupta, Anupam}
}